% Author: Dominik Harmim <harmim6 AT gmail.com>

@INPROCEEDINGS{inferBiabduction,
    author = {
        Calcagno, Cristiano and Distefano, Dino and O'Hearn, Peter W. and
        Yang, Hongseok
    },
    title = {Compositional Shape Analysis by Means of Bi-abduction},
    booktitle = {
        Proceedings of the 36th Annual ACM SIGPLAN-SIGACT Symposium on
        Principles of Programming Languages
    },
    series = {POPL'09},
    year = {2009},
    month = {January},
    ISBN = {978-1-60558-379-2},
    pages = {289\,--\,300},
    doi = {10.1145/1480881.1480917},
    publisher = {ACM, New York, NY, USA},
    address = {Savannah, GA, USA}
}

@INPROCEEDINGS{contracts2017,
    author = {
        Dias, Ricardo J. and Ferreira, Carla and Fiedor, Jan
        and Lourenço, João M. and Smrčka, Aleš and Sousa, Diogo G. and
        Vojnar, Tomáš
    },
    title = {Verifying Concurrent Programs Using Contracts},
    booktitle = {
        2017 IEEE International Conference on Software Testing, Verification
        and Validation
    },
    series = {ICST'17},
    publisher = {IEEE},
    pages = {196\,--\,206},
    ISBN = {9781509060313},
    year = {2017},
    month = {March},
    doi = {10.1109/ICST.2017.25},
    address = {Tokyo, Japan}
}

@ARTICLE{racerD,
    author = {
        Blackshear, Sam and Gorogiannis, Nikos and O'Hearn, Peter W. and
        Sergey, Ilya
    },
    title = {RacerD: Compositional Static Race Detection},
    journal = {Proceedings of ACM Programming Languages},
    volume = {2},
    number = {OOPSLA'18},
    month = {October},
    year = {2018},
    issn = {2475-1421},
    pages = {144:1\,--\,144:28},
    doi = {10.1145/3276514}
}

@INPROCEEDINGS{AILatticeModelCousot,
    author = {Cousot, Patrick and Cousot, Radhia},
    title = {
        Abstract interpretation: a~unified lattice model for static
        analysis of programs by construction or approximation of
        fixpoints
    },
    booktitle = {
        Conference Record of the Fourth Annual ACM SIGPLAN-SIGACT
        Symposium on Principles of Programming Languages
    },
    series = {POPL'77},
    address = {Los Angeles, California},
    publisher = {ACM Press, New York, NY},
    pages = {238\,--\,252},
    year = {1977},
    doi = {10.1145/512950.512973},
}

@INPROCEEDINGS{dataflowAnalysisGraphReachability,
    author = {Reps, Thomas and Horwitz, Susan and Sagiv, Mooly},
    title = {Precise Interprocedural Dataflow Analysis via Graph Reachability},
    booktitle = {
        Proceedings of the 22Nd ACM SIGPLAN-SIGACT Symposium on Principles
        of Programming Languages
    },
    series = {POPL'95},
    year = {1995},
    ISBN = {0-89791-692-1},
    pages = {49\,--\,61},
    doi = {10.1145/199448.199462},
    publisher = {ACM, New York, NY, USA}
}

@INCOLLECTION{dataflowAnalysisApproaches,
    author = {Sharir, Micha and Pnueli, Amir},
    title = {Two approaches to interprocedural data flow analysis},
    booktitle = {Program Flow Analysis: Theory and Applications},
    editor = {Muchnick, Steven S. and Jones, Neil D.},
    chapter = {7},
    pages = {189\,--\,211},
    year = {1981},
    ISBN = {0137296819},
    publisher = {Prentice Hall Professional Technical Reference}
}

@INPROCEEDINGS{excel2019FBInfer,
    author = {Harmim, Dominik and Marin, Valdimír and Pavela, Ondřej},
    title = {
        Scalable Static Analysis Using Facebook Infer
    },
    booktitle = {Excel@FIT},
    publisher = {
        Brno University of Technology, Faculty of Information Technology
    },
    year = {2019}
}

@BOOK{staticAnalysisMoller,
    author = {Møller, Anders and Schwartzbach, I. Michael},
    title = {Static Program Analysis},
    publisher = {Department of Computer Science, Aarhus University},
    year = {2018},
    month = {October}
}

@INPROCEEDINGS{favStaticAnalysis,
    author = {Vojnar, Tomáš},
    title = {
        Different Approaches to Formal Verification and Analysis.
        Lecture Notes in Formal Analysis and Verification
    },
    publisher = {
        Brno University of Technology, Faculty of Information Technology
    },
    year = {2018}
}

@INPROCEEDINGS{favAI,
    author = {Lengál, Ondřej and Vojnar, Tomáš},
    title = {
        Abstract Interpretation.
        Lecture Notes in Formal Analysis and Verification
    },
    publisher = {
        Brno University of Technology, Faculty of Information Technology
    },
    year = {2018}
}

@BACHELORSTHESIS{harmimBP,
    author = {Harmim, Dominik},
    title = {
        Static Analysis Using Facebook Infer to Find Atomicity
        Violations
    },
    school = {
        Brno University of Technology, Faculty of Information Technology
    },
    address = {Brno},
    year = {2019},
    note = {Supervisor prof. Ing. Tomáš Vojnar, Ph.D.}
}

@PROJECTPRACTICE{projectPracticeMarcin2018,
    author = {Marcin, Vladimír},
    title = {
        Static Analysis of Concurrency Problems in the Facebook Infer Tool
    },
    school = {
        Brno University of Technology, Faculty of Information Technology
    },
    address = {Brno},
    year = {2018},
    note = {Supervisor prof. Ing. Tomáš Vojnar, Ph.D.}
}

@BOOK{programAnalysisNielson,
    author = {Nielson, Flemming and Nielson, Riis Hanne and Hankin, Chris},
    title = {Principles of Program Analysis},
    publisher = {Springer-Verlag},
    address = {Berlin},
    year = {2005},
    ISBN = {3-540-65410-0}
}

@INCOLLECTION{AIBasedFormalMethodsCousot,
    author = {Cousot, Patrick},
    title = {
        Abstract Interpretation Based Formal Methods and Future
        Challenges, invited paper
    },
    booktitle = {<<~Informatics\,---\,10~Years Back, 10~Years Ahead~>>},
    editor = {Wilhelm, Reinhard},
    year = {2001},
    month = {March},
    series = {Lecture Notes in Computer Science},
    volume = {2000},
    pages = {138\,--\,156},
    publisher = {Springer-Verlag},
    doi = {10.1007/3-540-44577-3\_10}
}

@MISC{AIInNutshellCousot,
    author = {Cousot, Patrick},
    title = {Abstract Interpretation in a~Nutshell},
    howpublished = {online},
    url = {https://www.di.ens.fr/~cousot/AI/IntroAbsInt.html},
    cited = {2020-07-28}
}

@MISC{AICousotWeb,
    author = {Cousot, Patrick},
    title = {Abstract Interpretation},
    howpublished = {online},
    url = {https://www.di.ens.fr/~cousot/AI},
    revised = {2008-08-05},
    cited = {2020-07-28}
}

@INPROCEEDINGS{wideningNarrowingCousot,
    author = {Cousot, Patrick and Cousot, Radhia},
    title = {
        Comparing the Galois Connection and Widening/Narrowing
        Approaches to Abstract Interpretation, invited paper
    },
    editor = {Bruynooghe, M. and Wirsing, M.},
    pages = {269\,--\,295},
    booktitle = {
        Proceedings of the International Workshop Programming Language
        Implementation and Logic Programming.
        \textnormal{PLILP'92}
    },
    series = {
        Leuven, Belgium, 13\,--\,17 August 1992, Lecture Notes in Computer
        Science 631
    },
    publisher = {Springer-Verlag, Berlin, Germany},
    year = {1992},
    month = {January},
    doi = {10.1007/3-540-55844-6\_101}
}

@INPROCEEDINGS{favLatticesAndFixpoints,
    author = {Vojnar, Tomáš},
    title = {
        Lattices and Fixpoints for Symbolic Model Checking.
        Lecture Notes in Formal Analysis and Verification
    },
    publisher = {
        Brno University of Technology, Faculty of Information Technology
    },
    year = {2018}
}

@ARTICLE{staticRaceDetectorTruePositive,
    author = {Gorogiannis, Nikos and O'Hearn, Peter W. and Sergey, Ilya},
    title = {A~True Positives Theorem for a~Static Race Detector},
    journal = {Proceedings of ACM Programming Languages},
    volume = {3},
    number = {POPL'19},
    month = {January},
    year = {2019},
    issn = {2475-1421},
    pages = {57:1\,--\,57:29},
    doi = {10.1145/3290370}
}

@MISC{racerDOnline,
    author = {Blackshear, Sam and O'Hearn, Peter W.},
    title = {
        Open-sourcing RacerD: Fast static race detection at scale
    },
    howpublished = {online},
    url = {
        https://code.fb.com/android/%
        open-sourcing-racerd-fast-static-race-detection-at-scale
    },
    revised = {2017-10-19},
    cited = {2020-07-28}
}

@BOOK{realWorldOCaml,
    author = {Minsky, Yaron and Madhavapeddy, Anil and Hickey, Jason},
    title = {Real world OCaml},
    publisher = {O'Reilly Media},
    address = {Sebastopol, CA},
    year = {2013},
    edition = {1},
    ISBN = {144932391X}
}

@MISC{inferboOnline,
    author = {Yi, Kwangkeun},
    title = {Inferbo: Infer-based buffer overrun analyzer},
    howpublished = {online},
    url = {
        https://research.fb.com/inferbo-infer-based-buffer-overrun-analyzer
    },
    revised = {2017-02-06},
    cited = {2020-07-28}
}

@ARTICLE{contracts2015,
    author = {
        Sousa, Diogo G. and Dias, Ricardo J. and Ferreira, Carla and
        Lourenço, João M.
    },
    title = {Preventing Atomicity Violations with Contracts},
    journal = {CoRR},
    volume = {abs/1505.02951},
    year = {2015},
    note = {1505.02951}
}

@INPROCEEDINGS{controlFlowAnalysisAllen,
    author = {Allen, Frances E.},
    title = {Control Flow Analysis},
    booktitle = {Proceedings of a~Symposium on Compiler Optimization},
    year = {1970},
    pages = {1\,--\,19},
    doi = {10.1145/800028.808479},
    publisher = {ACM, New York, NY, USA},
    address = {Urbana-Champaign, Illinois}
}

@ARTICLE{contract,
    author = {Meyer, Bertrand},
    title = {Applying "Design by Contract"},
    journal = {Computer},
    volume = {25},
    number = {10},
    month = {October},
    year = {1992},
    issn = {0018-9162},
    pages = {40\,--\,51},
    doi = {10.1109/2.161279}
}

@INPROCEEDINGS{deadlockKroening,
    author = {
        Kroening, Daniel and Poetzl, Daniel and Schrammel, Peter
        and Wachter, Björn
    },
    title = {Sound static deadlock analysis for C/Pthreads},
    booktitle = {
        Proceedings of the 31st IEEE/ACM International Conference on
        Automated Software Engineering
    },
    series = {ASE'16},
    year = {2016},
    pages = {379\,--\,390},
    doi = {10.1145/2970276.2970309},
    ISBN = {978-1-4503-3845-5},
    month = {September},
    publisher = {ACM, New York, NY, USA},
    address = {Singapore, Singapore}
}

@INPROCEEDINGS{excel2018Muzikovska,
    author = {Monika Mužikovská},
    title = {
        Dynamická analýza parametrických kontraktů pro paralelismus
    },
    booktitle = {Excel@FIT},
    publisher = {
        Brno University of Technology, Faculty of Information Technology
    },
    year = {2018}
}

@BACHELORSTHESIS{muzikovskaBP,
    author = {Monika Mužikovská},
    title = {
        Towards Parameterized Contract Validator in ANaConDA Framework
    },
    school = {
        Brno University of Technology, Faculty of Information Technology
    },
    address = {Brno},
    year = {2018},
    note = {Supervisor Ing. Aleš Smrčka, Ph.D.}
}
